‰mike ref
@online{sofus-kur19,
ALTauthor = {Sofus B. Nielsen},
ALTeditor = {editor},
title = { modkobling-stabilitet},
date = {2013.06.11},
url = {http://sict.moodle.aau.dk/file.php/179/Course_Material_subject_19/modkobling-stabilitet.pdf},
OPTsubtitle = {subtitle},
OPTtitleaddon = {titleaddon},
OPTlanguage = {Dansk},
OPTversion = {version},
OPTnote = {note},
OPTorganization = {organization},
OPTdate = {date},
OPTmonth = {month},
OPTyear = {year},
OPTaddendum = {addendum},
OPTpubstate = {pubstate},
OPTurldate = {2013.18.12},
}

‰mike ref
@book{analogteknik,
author = {Tore Skogberg},
title = {Analogteknik},
date = {2013},
OPTeditor = {editor},
OPTeditora = {editora},
OPTeditorb = {editorb},
OPTeditorc = {editorc},
OPTtranslator = {translator},
OPTannotator = {annotator},
OPTcommentator = {commentator},
OPTintroduction = {introduction},
OPTforeword = {foreword},
OPTafterword = {afterword},
OPTsubtitle = {subtitle},
OPTtitleaddon = {titleaddon},
OPTmaintitle = {maintitle},
OPTmainsubtitle = {mainsubtitle},
OPTmaintitleaddon = {maintitleaddon},
OPTlanguage = {Dansk},
OPToriglanguage = {origlanguage},
OPTvolume = {volume},
OPTpart = {part},
OPTedition = {edition},
OPTvolumes = {volumes},
OPTseries = {series},
OPTnumber = {number},
OPTnote = {note},
OPTpublisher = {publisher},
OPTlocation = {location},
OPTisbn = {isbn},
OPTchapter = {chapter},
OPTpages = {115},
OPTpagetotal = {pagetotal},
OPTaddendum = {addendum},
OPTpubstate = {pubstate},
OPTdoi = {doi},
OPTeprint = {eprint},
OPTeprintclass = {eprintclass},
OPTeprinttype = {eprinttype},
OPTurl = {url},
OPTurldate = {urldate},
}

%mike ref
@book{sedrasmith,
author = {Adel S. Sedra og Kenneth C. Smith},
title = {Microelectronic Circuits},
year = {2011},
OPTeditor = {•},
OPTeditora = {•},
OPTeditorb = {•},
OPTeditorc = {•},
OPTtranslator = {•},
OPTannotator = {•},
OPTcommentator = {•},
OPTintroduction = {•},
OPTforeword = {•},
OPTafterword = {•},
OPTsubtitle = {•},
OPTtitleaddon = {•},
OPTmaintitle = {•},
OPTmainsubtitle = {•},
OPTmaintitleaddon = {•},
language = {Engelsk},
OPToriglanguage = {•},
OPTvolume = {•},
part = {CMOS Class AB Output Stages},
OPTedition = {6th},
OPTvolumes = {•},
OPTseries = {•},
OPTnumber = {•},
OPTnote = {•},
OPTpublisher = {•},
OPTlocation = {•},
OPTisbn = {•},
OPTchapter = {•},
pages = {1123},
OPTpagetotal = {•},
OPTaddendum = {•},
OPTpubstate = {•},
OPTdoi = {•},
OPTeprint = {•},
OPTeprintclass = {•},
OPTeprinttype = {•},
OPTurl = {•},
OPTurldate = {•},
}

%mike ref
@misc{ClassD1,
ALTauthor = {Jun Honda & Jonathan Adams},
ALTeditor = {editor},
title = {Application Note AN-1071},
date = {2005.02.08},
OPTsubtitle = {Class D Audio Amplifier Basics},
OPTtitleaddon = {titleaddon},
OPTlanguage = {Engelsk},
OPThowpublished = {howpublished},
OPTtype = {note},
OPTversion = {version},
OPTnote = {note},
OPTorganization = {organization},
OPTlocation = {location},
OPTdate = {date},
OPTmonth = {month},
OPTyear = {year},
OPTaddendum = {addendum},
OPTpubstate = {pubstate},
OPTdoi = {doi},
OPTeprint = {eprint},
OPTeprintclass = {eprintclass},
OPTeprinttype = {eprinttype},
OPTurl = {www.irf.com/technical-info/appnotes/an-1071.pdf},
OPTurldate = {2013.03.10},
}

%mike ref
@misc{ClassD2,
ALTauthor = {Eric Gaalaas},
ALTeditor = {editor},
title = {Class D Audio Amplifiers: What, Why, and How},
date = {2006.06},
OPTsubtitle = {subtitle},
OPTtitleaddon = {titleaddon},
OPTlanguage = {Engelsk},
OPThowpublished = {howpublished},
OPTtype = {type},
OPTversion = {version},
OPTnote = {note},
OPTorganization = {organization},
OPTlocation = {location},
OPTdate = {date},
OPTmonth = {month},
OPTyear = {year},
OPTaddendum = {addendum},
OPTpubstate = {pubstate},
OPTdoi = {doi},
OPTeprint = {eprint},
OPTeprintclass = {eprintclass},
OPTeprinttype = {eprinttype},
OPTurl = {http://www.analog.com/library/analogdialogue/archives/40-06/class_d.pdf},
OPTurldate = {2013.03.10},
}

%mike ref
@online{learnElektronics,
ALTauthor = {author},
ALTeditor = {editor},
title = {Class B Power Amplifiers},
date = {2013},
url = {http://www.learnabout-electronics.org/Amplifiers/amplifiers53.php},
OPTsubtitle = {subtitle},
OPTtitleaddon = {titleaddon},
OPTlanguage = {Engelsk},
OPTversion = {version},
OPTnote = {note},
OPTorganization = {organization},
OPTdate = {date},
OPTmonth = {month},
OPTyear = {year},
OPTaddendum = {addendum},
OPTpubstate = {pubstate},
OPTurldate = {2013.30.09},
}

%mike ref
@online{analog-eetimes,
ALTauthor = {Helmut Theiler, Herbert Lenhard, Horst Gether},
ALTeditor = {editor},
title = {Class G/H amplifiers: Do they deliver on their promise of high audio quality and low power consumption?},
date = {2010.13.02},
url = {http://www.analog-eetimes.com/en/class-gh-amplifiers-do-they-deliver-on-their-promise-of-high-audio-quality-and-low-power-consumption.html?cmp_id=71&news_id=222900989&vID=35},
OPTsubtitle = {subtitle},
OPTtitleaddon = {titleaddon},
OPTlanguage = {Engelsk},
OPTversion = {version},
OPTnote = {note},
OPTorganization = {organization},
OPTdate = {date},
OPTmonth = {month},
OPTyear = {year},
OPTaddendum = {addendum},
OPTpubstate = {pubstate},
OPTurldate = {2013.30.09},
}


@online{General-lyd,
author = {Paroc A/S},
title = {Generel information om lyd},
year = {2013},
url = {http://www.paroc.dk/knowhow/lyd/generel-information-om-lyd},
OPTsubtitle = {•},
OPTtitleaddon = {•},
OPTlanguage = {•},
OPTversion = {•},
OPTnote = {•},
OPTorganization = {•},
OPTdate = {•},
OPTmonth = {•},
OPTaddendum = {•},
OPTpubstate = {•},
OPTurldate = {•},
}
@online{spforst,
author = {R. Victor Jones},
title = {Spændings forstærkning},
year = {2013},
url = {http://people.seas.harvard.edu/~jones/es154/lectures/lecture_3/bjt_amps/bjt_amps.html},
OPTsubtitle = {•},
OPTtitleaddon = {•},
OPTlanguage = {•},
OPTversion = {•},
OPTnote = {•},
OPTorganization = {•},
OPTdate = {•},
OPTmonth = {•},
OPTaddendum = {•},
OPTpubstate = {•},
OPTurldate = {•},
}
@book{Rasmussen,
author = {Egon Rasmussen},
title = {Analogteknik - Bind 1},
year = {1998},
OPTeditor = {•},
OPTeditora = {•},
OPTeditorb = {•},
OPTeditorc = {•},
OPTtranslator = {•},
OPTannotator = {•},
OPTcommentator = {•},
OPTintroduction = {•},
OPTforeword = {•},
OPTafterword = {•},
OPTsubtitle = {•},
OPTtitleaddon = {•},
OPTmaintitle = {•},
OPTmainsubtitle = {•},
OPTmaintitleaddon = {•},
OPTlanguage = {•},
OPToriglanguage = {•},
OPTvolume = {•},
OPTpart = {•},
OPTedition = {•},
OPTvolumes = {•},
OPTseries = {•},
OPTnumber = {•},
OPTnote = {•},
OPTpublisher = {•},
OPTlocation = {•},
OPTisbn = {•},
OPTchapter = {•},
pages = {334},
OPTpagetotal = {•},
OPTaddendum = {•},
OPTpubstate = {•},
OPTdoi = {•},
OPTeprint = {•},
OPTeprintclass = {•},
OPTeprinttype = {•},
OPTurl = {•},
OPTurldate = {•},
}
@online{Analog-kreds,
author = {Jan H. Mikkelsen},
title = {Analog kredsløbsdesign},
year = {2013},
url = {http://sict.moodle.aau.dk/file.php/179/Course_Material_subject_09/ACD9.slides.inclTO.pdf},
OPTsubtitle = {•},
OPTtitleaddon = {•},
OPTlanguage = {•},
OPTversion = {•},
OPTnote = {•},
OPTorganization = {•},
OPTdate = {•},
OPTmonth = {•},
OPTaddendum = {•},
OPTpubstate = {•},
OPTurldate = {•},
}
@online{IMD-kreds,
author = {stereos.about.com},
title = {IMD},
year = {2013},
url = {http://stereos.about.com/od/faqs/f/imd.htm},
OPTsubtitle = {•},
OPTtitleaddon = {•},
OPTlanguage = {•},
OPTversion = {•},
OPTnote = {•},
OPTorganization = {•},
OPTdate = {•},
OPTmonth = {•},
OPTaddendum = {•},
OPTpubstate = {•},
OPTurldate = {•},
}
@online{musikapp,
author = {Det Humanistiske Fakultet Syddansk Universitet},
title = {Musik Apperater},
year = {2013},
url = {http://hoereforeningen.dk/stoej/stoej-filer/Unges%20brug%20af%20mp3%20afspillere.pdf},
OPTsubtitle = {•},
OPTtitleaddon = {•},
OPTlanguage = {•},
OPTversion = {•},
OPTnote = {•},
OPTorganization = {•},
OPTdate = {•},
OPTmonth = {•},
OPTaddendum = {•},
OPTpubstate = {•},
OPTurldate = {•},
}
@book{DS_EN,
author = {Dansk Standard},
title = {Audio-, video, og audiovisuele systemer - Indbyrdes forbindelser og matchende værdier - Foretrukne matchende analoge signalværdier},
year = {1997},
OPTsubtitle = {•},
OPTtitleaddon = {•},
OPTlanguage = {•},
OPTversion = {•},
OPTnote = {•},
OPTorganization = {•},
OPTdate = {•},
OPTmonth = {•},
OPTaddendum = {•},
OPTpubstate = {•},
OPTurldate = {•},
}
@online{Staerkstroem,
author = {Elektricitetsrådet},
title = {Stærkstrømsbekendtgørelsen, afsnit 6},
year = {2001},
url = {https://www.retsinformation.dk/Forms/R0710.aspx?id=25862},
OPTsubtitle = {•},
OPTtitleaddon = {•},
OPTlanguage = {•},
OPTversion = {•},
OPTnote = {•},
OPTorganization = {•},
OPTdate = {•},
OPTmonth = {•},
OPTaddendum = {•},
OPTpubstate = {•},
OPTurldate = {•},
}
@book{IEC581-6,
author = {International Electrotechnical Commission},
title = {High fidelity audio equipment and systems; Minimum performance requirements. Part 6: Amplifiers},
year = {1979},
OPTsubtitle = {•},
OPTtitleaddon = {•},
OPTlanguage = {•},
OPTversion = {•},
OPTnote = {•},
OPTorganization = {•},
OPTdate = {•},
OPTmonth = {•},
OPTaddendum = {•},
OPTpubstate = {•},
OPTurldate = {•},
}
@online{IEC,
author = {International Electrotechnical Commission},
title = {About the IEC},
year = {},
url = {http://www.iec.ch/about/?ref=menu},
OPTsubtitle = {•},
OPTtitleaddon = {•},
OPTlanguage = {•},
OPTversion = {•},
OPTnote = {•},
OPTorganization = {•},
OPTdate = {•},
OPTmonth = {•},
OPTaddendum = {•},
OPTpubstate = {•},
OPTurldate = {27. October 2013},
}
@online{IEC581-6_1980,
author = {Dansk Standard},
title = {DS/IEC 581-6:1980},
year = {},
url = {http://webshop.ds.dk/search.aspx?searchstring=581-6},
OPTsubtitle = {•},
OPTtitleaddon = {•},
OPTlanguage = {•},
OPTversion = {•},
OPTnote = {•},
OPTorganization = {•},
OPTdate = {•},
OPTmonth = {•},
OPTaddendum = {•},
OPTpubstate = {•},
OPTurldate = {27. October 2013},
}
@online{Overspaending,
author = {Den store danske},
title = {Diode},
year = {2013},
url = {http://www.denstoredanske.dk/It,_teknik_og_naturvidenskab/Elektronik,_teletrafik_og_kommunikation/Elektronik,_radio_og_tv/diode},
OPTsubtitle = {•},
OPTtitleaddon = {•},
OPTlanguage = {•},
OPTversion = {•},
OPTnote = {•},
OPTorganization = {•},
OPTdate = {•},
OPTmonth = {•},
OPTaddendum = {•},
OPTpubstate = {•},
OPTurldate = {•},
}
@online{AktivPassivFilter,
author = {Kerry Lacanette},
title = {A Basic Introduction to
Filters–Active, Passive,
and Switched-Capacitor},
year = {1991},
url = {http://www.swarthmore.edu/NatSci/echeeve1/Ref/DataSheet/IntroToFilters.pdf},
OPTsubtitle = {•},
OPTtitleaddon = {•},
OPTlanguage = {•},
OPTversion = {•},
OPTnote = {•},
OPTorganization = {National Semiconductor Corporation},
OPTdate = {•},
OPTmonth = {•},
OPTaddendum = {•},
OPTpubstate = {•},
OPTurldate = {•},
}
@report{T80-T,
author = {Salecom},
title = {T80-T switch},
type = {Datasheet},
institution = {Salecom},
year = {2013},
OPTsubtitle = {•},
OPTtitleaddon = {•},
OPTlanguage = {•},
OPTnumber = {•},
OPTversion = {•},
OPTnote = {•},
OPTlocation = {•},
OPTmonth = {•},
OPTisrn = {•},
OPTchapter = {•},
OPTpages = {•},
OPTpagetotal = {•},
OPTaddendum = {•},
OPTpubstate = {•},
OPTdoi = {•},
OPTeprint = {•},
OPTeprintclass = {•},
OPTeprinttype = {•},
OPTurl = {•},
OPTurldate = {•},
}
@report{Gunther,
author = {•},
title = {Dil-Sil-Reedrelais},
type = {Datasheet},
institution = {Günther},
year = {2013},
OPTsubtitle = {•},
OPTtitleaddon = {•},
OPTlanguage = {•},
OPTnumber = {•},
OPTversion = {•},
OPTnote = {•},
OPTlocation = {•},
OPTmonth = {•},
OPTisrn = {•},
OPTchapter = {•},
OPTpages = {•},
OPTpagetotal = {•},
OPTaddendum = {•},
OPTpubstate = {•},
OPTdoi = {•},
OPTeprint = {•},
OPTeprintclass = {•},
OPTeprinttype = {•},
OPTurl = {•},
OPTurldate = {•},
}
@manual{BYV28-600,
author = {Vishay},
title = {BYV28-600},
year = {2013},
OPTsubtitle = {•},
OPTtitleaddon = {•},
OPTlanguage = {•},
OPTedition = {•},
OPTtype = {•},
OPTseries = {•},
OPTnumber = {•},
OPTversion = {•},
OPTnote = {•},
OPTorganization = {•},
OPTpublisher = {•},
OPTlocation = {•},
OPTisbn = {•},
OPTchapter = {•},
OPTpages = {•},
OPTpagetotal = {•},
OPTaddendum = {•},
OPTpubstate = {•},
OPTdoi = {•},
OPTeprint = {•},
OPTeprintclass = {•},
OPTeprinttype = {•},
OPTurl = {•},
OPTurldate = {•},
}
@manual{TL071,
author = {Texas Instruments},
title = {LOW-NOISE JFET-INPUT OPERATIONAL AMPLIFIERS},
year = {2013},
OPTsubtitle = {•},
OPTtitleaddon = {•},
OPTlanguage = {•},
OPTedition = {•},
OPTtype = {•},
OPTseries = {•},
OPTnumber = {•},
OPTversion = {•},
OPTnote = {•},
OPTorganization = {•},
OPTpublisher = {•},
OPTlocation = {•},
OPTisbn = {•},
OPTchapter = {•},
OPTpages = {•},
OPTpagetotal = {•},
OPTaddendum = {•},
OPTpubstate = {•},
OPTdoi = {•},
OPTeprint = {•},
OPTeprintclass = {•},
OPTeprinttype = {•},
OPTurl = {•},
OPTurldate = {•},
}
@online{classABref,
author = {Jim Lesurf},
title = {Class AB and Rubber Diodes},
year = {2006},
url = {http://www.st-andrews.ac.uk/~www_pa/Scots_Guide/audio/part2/page3.html},
OPTsubtitle = {•},
OPTtitleaddon = {•},
OPTlanguage = {•},
OPTversion = {•},
OPTnote = {•},
OPTorganization = {University of St Andrews},
OPTdate = {•},
OPTmonth = {•},
OPTaddendum = {•},
OPTpubstate = {•},
OPTurldate = {•},
}

%Kitz
@online{epsilonDefinition,
author = {Electronic-Tutorial.ws},
title = {Butterworth Filter},
year = {2013},
url = {http://www.electronics-tutorials.ws/filter/filter_8.html},
OPTsubtitle = {•},
OPTtitleaddon = {•},
OPTlanguage = {•},
OPTversion = {•},
OPTnote = {•},
OPTorganization = {•},
OPTdate = {•},
OPTmonth = {•},
OPTaddendum = {•},
OPTpubstate = {•},
OPTurldate = {24-11-2013},
}
@online{Buffer,
author = {Jack Orman},
title = {Buffer kredsløb},
year = {2013},
url = {http://www.muzique.com/lab/buffers.htm},
OPTsubtitle = {•},
OPTtitleaddon = {•},
OPTlanguage = {•},
OPTversion = {•},
OPTnote = {•},
OPTorganization = {•},
OPTdate = {•},
OPTmonth = {•},
OPTaddendum = {•},
OPTpubstate = {•},
OPTurldate = {•},
}
@online{Komponenten,
author = {AAU},
title = {Komponenten},
year = {2013},
url = {http://www.komponenten.es.aau.dk/},
OPTsubtitle = {•},
OPTtitleaddon = {•},
OPTlanguage = {•},
OPTversion = {•},
OPTnote = {•},
OPTorganization = {•},
OPTdate = {•},
OPTmonth = {•},
OPTaddendum = {•},
OPTpubstate = {•},
OPTurldate = {•},
}
@online{lektion13,
author = {Jan H. Mikkelsen},
title = {Lektion 13},
year = {2013},
url = {http://sict.moodle.aau.dk/file.php/179/Course_Material_subject_13/ACD13.slides.pdf},
OPTsubtitle = {•},
OPTtitleaddon = {•},
OPTlanguage = {•},
OPTversion = {•},
OPTnote = {•},
OPTorganization = {•},
OPTdate = {•},
OPTmonth = {•},
OPTaddendum = {•},
OPTpubstate = {•},
OPTurldate = {•},
}

@online{TL071,
author = {Texas Instrument},
title = {TL071, TL071A, TL071B, TL072, TL072A, TL072B, TL074, TL074A, TL074B, LOW-NOISE JFET-INPUT OPERATIONAL AMPLIFIERS},
year = {2005},
url = {http://www.ti.com/lit/ds/symlink/tl071.pdf},
OPTsubtitle = {•},
OPTtitleaddon = {•},
OPTlanguage = {•},
OPTversion = {•},
OPTnote = {•},
OPTorganization = {•},
OPTdate = {•},
OPTmonth = {•},
OPTaddendum = {•},
OPTpubstate = {•},
OPTurldate = {14-12-2013},
}
%Kilder til Valkenburg
@book{valkenburgGeneralTransferfunc,
author = {M.E. Van Valkenburg},
title = {Analog Filter Design},
year = {1982},
OPTeditor = {•},
OPTeditora = {•},
OPTeditorb = {•},
OPTeditorc = {•},
OPTtranslator = {•},
OPTannotator = {•},
OPTcommentator = {•},
OPTintroduction = {•},
OPTforeword = {•},
OPTafterword = {•},
OPTsubtitle = {•},
OPTtitleaddon = {•},
OPTmaintitle = {•},
OPTmainsubtitle = {•},
OPTmaintitleaddon = {•},
OPTlanguage = {•},
OPToriglanguage = {•},
OPTvolume = {•},
OPTpart = {•},
OPTedition = {•},
OPTvolumes = {•},
OPTseries = {•},
OPTnumber = {•},
OPTnote = {•},
OPTpublisher = {•},
OPTlocation = {•},
OPTisbn = {•},
OPTchapter = {•},
pages = {172},
OPTpagetotal = {•},
OPTaddendum = {•},
OPTpubstate = {•},
OPTdoi = {•},
OPTeprint = {•},
OPTeprintclass = {•},
OPTeprinttype = {•},
OPTurl = {•},
OPTurldate = {•},
}

@book{valkenburgQtabel,
author = {M.E. Van Valkenburg},
title = {Analog Filter Design},
year = {1982},
OPTeditor = {•},
OPTeditora = {•},
OPTeditorb = {•},
OPTeditorc = {•},
OPTtranslator = {•},
OPTannotator = {•},
OPTcommentator = {•},
OPTintroduction = {•},
OPTforeword = {•},
OPTafterword = {•},
OPTsubtitle = {•},
OPTtitleaddon = {•},
OPTmaintitle = {•},
OPTmainsubtitle = {•},
OPTmaintitleaddon = {•},
OPTlanguage = {•},
OPToriglanguage = {•},
OPTvolume = {•},
OPTpart = {•},
OPTedition = {•},
OPTvolumes = {•},
OPTseries = {•},
OPTnumber = {•},
OPTnote = {•},
OPTpublisher = {•},
OPTlocation = {•},
OPTisbn = {•},
OPTchapter = {•},
pages = {166},
OPTpagetotal = {•},
OPTaddendum = {•},
OPTpubstate = {•},
OPTdoi = {•},
OPTeprint = {•},
OPTeprintclass = {•},
OPTeprinttype = {•},
OPTurl = {•},
OPTurldate = {•},
}

@book{butterworthArgument,
author = {Adel S. Sedra og Kenneth C. Smith},
title = {Microelectronic Circuits},
year = {2011},
OPTeditor = {•},
OPTeditora = {•},
OPTeditorb = {•},
OPTeditorc = {•},
OPTtranslator = {•},
OPTannotator = {•},
OPTcommentator = {•},
OPTintroduction = {•},
OPTforeword = {•},
OPTafterword = {•},
OPTsubtitle = {•},
OPTtitleaddon = {•},
OPTmaintitle = {•},
OPTmainsubtitle = {•},
OPTmaintitleaddon = {•},
OPTlanguage = {•},
OPToriglanguage = {•},
OPTvolume = {•},
OPTpart = {•},
OPTedition = {6th},
OPTvolumes = {•},
OPTseries = {•},
OPTnumber = {•},
OPTnote = {•},
OPTpublisher = {•},
OPTlocation = {•},
OPTisbn = {•},
OPTchapter = {•},
pages = {968},
OPTpagetotal = {•},
OPTaddendum = {•},
OPTpubstate = {•},
OPTdoi = {•},
OPTeprint = {•},
OPTeprintclass = {•},
OPTeprinttype = {•},
OPTurl = {•},
OPTurldate = {•},
}

@book{lavHoejfilter,
author = {M.E. Van Valkenburg},
title = {Analog Filter Design},
year = {1982},
OPTeditor = {•},
OPTeditora = {•},
OPTeditorb = {•},
OPTeditorc = {•},
OPTtranslator = {•},
OPTannotator = {•},
OPTcommentator = {•},
OPTintroduction = {•},
OPTforeword = {•},
OPTafterword = {•},
OPTsubtitle = {•},
OPTtitleaddon = {•},
OPTmaintitle = {•},
OPTmainsubtitle = {•},
OPTmaintitleaddon = {•},
OPTlanguage = {•},
OPToriglanguage = {•},
OPTvolume = {•},
OPTpart = {•},
OPTedition = {•},
OPTvolumes = {•},
OPTseries = {•},
OPTnumber = {•},
OPTnote = {•},
OPTpublisher = {•},
OPTlocation = {•},
OPTisbn = {•},
OPTchapter = {•},
pages = {180},
OPTpagetotal = {•},
OPTaddendum = {•},
OPTpubstate = {•},
OPTdoi = {•},
OPTeprint = {•},
OPTeprintclass = {•},
OPTeprinttype = {•},
OPTurl = {•},
OPTurldate = {•},
}
@online{VAS,
author = {Bob Cordell},
title = {Design Audio Power Amplifiers},
year = {2013},
url = {http://bgaudioclub.org/uploads/docs/AudioAmplifiers.pdf},
OPTsubtitle = {•},
OPTtitleaddon = {•},
OPTlanguage = {•},
OPTversion = {•},
OPTnote = {•},
OPTorganization = {•},
OPTdate = {•},
OPTmonth = {•},
OPTaddendum = {•},
OPTpubstate = {•},
OPTurldate = {•},
}

@book{forsyningACtilDC1,
author = {Adel S. Sedra og Kenneth C. Smith},
title = {Microelectronic Circuits},
year = {2011},
OPTeditor = {•},
OPTeditora = {•},
OPTeditorb = {•},
OPTeditorc = {•},
OPTtranslator = {•},
OPTannotator = {•},
OPTcommentator = {•},
OPTintroduction = {•},
OPTforeword = {•},
OPTafterword = {•},
OPTsubtitle = {•},
OPTtitleaddon = {•},
OPTmaintitle = {•},
OPTmainsubtitle = {•},
OPTmaintitleaddon = {•},
OPTlanguage = {•},
OPToriglanguage = {•},
OPTvolume = {•},
OPTpart = {•},
OPTedition = {6th},
OPTvolumes = {•},
OPTseries = {•},
OPTnumber = {•},
OPTnote = {•},
OPTpublisher = {•},
OPTlocation = {•},
OPTisbn = {•},
OPTchapter = {•},
pages = {184-195},
OPTpagetotal = {•},
OPTaddendum = {•},
OPTpubstate = {•},
OPTdoi = {•},
OPTeprint = {•},
OPTeprintclass = {•},
OPTeprinttype = {•},
OPTurl = {•},
OPTurldate = {•},
}
@book{forsyningACtilDC2,
author = {Tore Skogberg},
title = {Analogteknik},
year = {•},
OPTeditor = {•},
OPTeditora = {•},
OPTeditorb = {•},
OPTeditorc = {•},
OPTtranslator = {•},
OPTannotator = {•},
OPTcommentator = {•},
OPTintroduction = {•},
OPTforeword = {•},
OPTafterword = {•},
OPTsubtitle = {•},
OPTtitleaddon = {•},
OPTmaintitle = {•},
OPTmainsubtitle = {•},
OPTmaintitleaddon = {•},
OPTlanguage = {•},
OPToriglanguage = {•},
OPTvolume = {•},
OPTpart = {•},
OPTedition = {Version 0.4},
OPTvolumes = {•},
OPTseries = {•},
OPTnumber = {•},
OPTnote = {•},
OPTpublisher = {•},
OPTlocation = {•},
OPTisbn = {•},
OPTchapter = {•},
pages = {157-261},
OPTpagetotal = {•},
OPTaddendum = {•},
OPTpubstate = {•},
OPTdoi = {•},
OPTeprint = {•},
OPTeprintclass = {•},
OPTeprinttype = {•},
OPTurl = {•},
OPTurldate = {•},
}
@online{forsyningACtilDC3,
author = {AllAboutCircuits.com},
title = {Basic AC-DC power supplies},
year = {•},
url = {http://www.allaboutcircuits.com/worksheets/supply1.html},
OPTsubtitle = {•},
OPTtitleaddon = {•},
OPTlanguage = {•},
OPTversion = {•},
OPTnote = {•},
OPTorganization = {•},
OPTdate = {•},
OPTmonth = {•},
OPTaddendum = {•},
OPTpubstate = {•},
OPTurldate = {•},
}
@online{forsyningACtilDC4,
author = {M.A. Stracey Eng. Tech. (AMIEIE) G7LKJ.},
title = {ELECTRONICS TEACH-IN Part 5: Power Supplies.},
year = {•},
url = {http://baec.tripod.com/MARCH92/power_supply.htm},
OPTsubtitle = {•},
OPTtitleaddon = {•},
OPTlanguage = {•},
OPTversion = {•},
OPTnote = {•},
OPTorganization = {•},
OPTdate = {•},
OPTmonth = {•},
OPTaddendum = {•},
OPTpubstate = {•},
OPTurldate = {•},
}
@online{forsyningACtilDC5,
author = {MCI TRANSFORMER CORPORATION},
title = {BASIC POWER SUPPLY APPLICATION GUIDE },
year = {•},
url = {http://www.mcitransformer.com/i_notes.html},
OPTsubtitle = {•},
OPTtitleaddon = {•},
OPTlanguage = {•},
OPTversion = {•},
OPTnote = {•},
OPTorganization = {•},
OPTdate = {•},
OPTmonth = {•},
OPTaddendum = {•},
OPTpubstate = {•},
OPTurldate = {•},
}=======
@manual{BC557b,
author = {Philips},
title = {BC557b},
year = {2013},
OPTsubtitle = {•},
OPTtitleaddon = {•},
OPTlanguage = {•},
OPTedition = {•},
OPTtype = {•},
OPTseries = {•},
OPTnumber = {•},
OPTversion = {•},
OPTnote = {•},
OPTorganization = {•},
OPTpublisher = {•},
OPTlocation = {•},
OPTisbn = {•},
OPTchapter = {•},
OPTpages = {•},
OPTpagetotal = {•},
OPTaddendum = {•},
OPTpubstate = {•},
OPTdoi = {•},
OPTeprint = {•},
OPTeprintclass = {•},
OPTeprinttype = {•},
OPTurl = {•},
OPTurldate = {•},
}
@manual{BC547b,
author = {Philips},
title = {BC557b},
year = {2013},
OPTsubtitle = {•},
OPTtitleaddon = {•},
OPTlanguage = {•},
OPTedition = {•},
OPTtype = {•},
OPTseries = {•},
OPTnumber = {•},
OPTversion = {•},
OPTnote = {•},
OPTorganization = {•},
OPTpublisher = {•},
OPTlocation = {•},
OPTisbn = {•},
OPTchapter = {•},
OPTpages = {•},
OPTpagetotal = {•},
OPTaddendum = {•},
OPTpubstate = {•},
OPTdoi = {•},
OPTeprint = {•},
OPTeprintclass = {•},
OPTeprinttype = {•},
OPTurl = {•},
OPTurldate = {•},
}
@manual{1N4148,
author = {Fairchild},
title = {1N4148},
year = {2013},
OPTsubtitle = {•},
OPTtitleaddon = {•},
OPTlanguage = {•},
OPTedition = {•},
OPTtype = {•},
OPTseries = {•},
OPTnumber = {•},
OPTversion = {•},
OPTnote = {•},
OPTorganization = {•},
OPTpublisher = {•},
OPTlocation = {•},
OPTisbn = {•},
OPTchapter = {•},
OPTpages = {•},
OPTpagetotal = {•},
OPTaddendum = {•},
OPTpubstate = {•},
OPTdoi = {•},
OPTeprint = {•},
OPTeprintclass = {•},
OPTeprinttype = {•},
OPTurl = {•},
OPTurldate = {•},
}
@online{lektion8,
author = {Jan H. Mikkelsen},
title = {Lektion 8},
year = {2013},
url = {http://sict.moodle.aau.dk/file.php/179/Course_Material_subject_08/ACD8.slides.pdf},
OPTsubtitle = {•},
OPTtitleaddon = {•},
OPTlanguage = {•},
OPTversion = {•},
OPTnote = {•},
OPTorganization = {•},
OPTdate = {•},
OPTmonth = {•},
OPTaddendum = {•},
OPTpubstate = {•},
OPTurldate = {•},
}



@book{bklassevirkningsgrad,
author = {Adel S. Sedra og Kenneth C. Smith},
title = {Microelectronic Circuits},
year = {2011},
OPTeditor = {•},
OPTeditora = {•},
OPTeditorb = {•},
OPTeditorc = {•},
OPTtranslator = {•},
OPTannotator = {•},
OPTcommentator = {•},
OPTintroduction = {•},
OPTforeword = {•},
OPTafterword = {•},
OPTsubtitle = {•},
OPTtitleaddon = {•},
OPTmaintitle = {•},
OPTmainsubtitle = {•},
OPTmaintitleaddon = {•},
OPTlanguage = {•},
OPToriglanguage = {•},
OPTvolume = {•},
OPTpart = {•},
OPTedition = {6th},
OPTvolumes = {•},
OPTseries = {•},
OPTnumber = {•},
OPTnote = {•},
OPTpublisher = {•},
OPTlocation = {•},
OPTisbn = {•},
OPTchapter = {•},
pages = {1111},
OPTpagetotal = {•},
OPTaddendum = {•},
OPTpubstate = {•},
OPTdoi = {•},
OPTeprint = {•},
OPTeprintclass = {•},
OPTeprinttype = {•},
OPTurl = {•},
OPTurldate = {•},
}




@misc{classCOutput,
ALTauthor = {},
ALTeditor = {editor},
title = {Amplifier classes},
date = {Maj 5, 2009},
OPTsubtitle = {subtitle},
OPTtitleaddon = {titleaddon},
OPTlanguage = {Engelsk},
OPThowpublished = {howpublished},
OPTtype = {type},
OPTversion = {version},
OPTnote = {note},
OPTorganization = {organization},
OPTlocation = {location},
OPTdate = {date},
OPTmonth = {month},
OPTyear = {year},
OPTaddendum = {addendum},
OPTpubstate = {pubstate},
OPTdoi = {doi},
OPTeprint = {eprint},
OPTeprintclass = {eprintclass},
OPTeprinttype = {eprinttype},
url = {http://www.microwaves101.com/encyclopedia/amplifier_classes.cfm},
OPTurldate = {2013.03.10},
}

@misc{classABOutput,
ALTauthor = {Wayne Storr},
ALTeditor = {editor},
title = {Introduction to the Amplifier},
date = {},
OPTsubtitle = {subtitle},
OPTtitleaddon = {titleaddon},
OPTlanguage = {Engelsk},
OPThowpublished = {howpublished},
OPTtype = {type},
OPTversion = {version},
OPTnote = {note},
OPTorganization = {organization},
OPTlocation = {location},
OPTdate = {date},
OPTmonth = {month},
OPTyear = {year},
OPTaddendum = {addendum},
OPTpubstate = {pubstate},
OPTdoi = {doi},
OPTeprint = {eprint},
OPTeprintclass = {eprintclass},
OPTeprinttype = {eprinttype},
url = {http://www.electronics-tutorials.ws/amplifier/amp_1.html},
OPTurldate = {2013.03.10},
}