@misc{patashnik-bibtexing,
       author = "Oren Patashnik",
       title = "BIBTEXing",
       year = "1988" }


@article{googlebil,
  author    = {Google},
  title     = {Link til Google},
  url       = {https://www.google.com/selfdrivingcar/},
  note      = {Sidst besoegt 2016-05-06}}